@article{Cambrian,
    author = {Pratt, Gill},
    year = {2015},
    month = {08},
    pages = {51-60},
    title = {Is a Cambrian Explosion Coming for Robotics?},
    volume = {29},
    journal = {Journal of Economic Perspectives},
    doi = {10.1257/jep.29.3.51}
}

@misc{UnionsAutomation, 
    title={How Unions Can Protect the Workers Vulnerable to Automation}, 
    url={https://www.uniontrack.com/blog/unions-and-automation},
    journal={UnionTrack}, 
    author={Green, Ken}, 
    year={2019}, 
    month={Sep}
}

@misc{1/2Jobs20Years,
    title={Report Suggests Nearly Half of U.S. Jobs Are Vulnerable to Computerization},
    url={https://www.technologyreview.com/2013/09/12/176475/report-suggests-nearly-half-of-us-jobs-are-vulnerable-to-computerization/},
    journal={MIT Technology Review},
    publisher={MIT Technology Review}, 
    author={Rutkin, Aviva Hope}, 
    year={2020}, 
    month={Apr}
} 

@article{OxfordJobsAreComputerized,
    title={The future of employment: How susceptible are jobs to computerisation?},
    author={Frey, Carl Benedikt and Osborne, Michael A.},
    year={2017},
    journal={Technological Forecasting and Social Change},
    volume={114},
    number={C},
    pages={254-280},
    keywords={Occupational choice; Technological change; Wage inequality; Employment; Skill demand;},
    url={https://EconPapers.repec.org/RePEc:eee:tefoso:v:114:y:2017:i:c:p:254-280}
}

@misc{CoalToCode, 
    title={From Coal To Code: A New Path For Laid-Off Miners In Kentucky}, 
    url={https://www.npr.org/sections/alltechconsidered/2016/05/06/477033781/from-coal-to-code-a-new-path-for-laid-off-miners-in-kentucky}, 
    journal={NPR}, 
    publisher={NPR}, 
    author={Peterson, Erica}, 
    year={2016}, 
    month={May}
} 

@misc{IndustrialRobotRevolution, 
    title={The Robotics Revolution is Coming}, 
    url={https://industrytoday.com/the-robotics-revolution-is-coming/}, 
    journal={Industry Today}, 
    author={Industry Today}, 
    year={2020}, 
    month={Jan}
} 

@misc{JobsNoAI,
    title={The Jobs Robots Can't Do (At Least Not Yet)}, 
    url={https://www.pbs.org/wgbh/frontline/article/artificial-intelligence-work-jobs-robots-v-humans/}, 
    journal={PBS}, 
    publisher={Public Broadcasting Service}, 
    author={Todd, Zoe}, 
    year={2019}, 
    month={Mar}
} 


@misc{StanfordUBI,
    title={WHAT WE KNOW ABOUT UNIVERSAL BASIC INCOME: A CROSS-SYNTHESIS OF REVIEWS},
    url={https://basicincome.stanford.edu/uploads/Umbrella20Review20BIfinal.pdf},
    year={2019},
    month={Jan},
    journal={Basic Income Lab},
    author={Rebecca Hasdell}
}

@misc{FutureOfAI,
    title={The Future of Artificial Intelligence},
    url={https://doi.org/10.1089/big.2016.29004.vda},
    journal={Big Data},
    author={Vasant Dhar},
    year={2016},
    month={March}
}

@misc{AI_Humans_Future, 
    title={Artificial Intelligence and the Future of Humans}, 
    url={https://www.pewresearch.org/internet/2018/12/10/artificial-intelligence-and-the-future-of-humans/}, 
    journal={Pew Research Center: Internet, Science &amp; Tech}, 
    publisher={Pew Research Center}, 
    author={Anderson, Janna and Rainie, Lee}, 
    year={2020},
    month={Jul}
} 